
@article{sharma2015,
  title={Facial expression recognition using LBP and SVM},
  author={Sharma, A. and Bhondekar, A.},
  journal={International Journal of Computer Applications},
  year={2015},
  volume={123},
  number={2},
  pages={1--5}
}

@article{zhao2007,
  title={Dynamic texture recognition using local binary patterns with an application to facial expressions},
  author={Zhao, G. and Pietik√§inen, M.},
  journal={IEEE Transactions on Pattern Analysis and Machine Intelligence},
  year={2007},
  volume={29},
  number={6},
  pages={915--928}
}
